@Book{Braess2007,
  AUTHOR    = {D. Braess},
  TITLE     = {Finite {E}lements: {T}heory, {F}ast {S}olvers, and
               {A}pplications in {E}lasticity {T}heory},
  EDITION   = {3rd},
  PUBLISHER = {Cambridge University Press},
  YEAR      = {2007}
}

@Book{BrennerScott2007,
  AUTHOR    = {S. Brenner and L. Scott},
  TITLE     = {The {M}athematical {T}heory of {F}inite {E}lement {M}ethods},
  EDITION   = {3rd},
  PUBLISHER = {Springer},
  ADDRESS   = {New York},
  YEAR      = {2007}
}

@Article{Bueler2016,
  author   = {E. Bueler},
  title    = {Stable finite volume element schemes for the shallow ice approximation},
  journal  = {J. Glaciol.},
  volume   = {62},
  number   = {232},
  pages    = {230--242},
  year     = {2016},
}

@Book{Bueler2021,
  AUTHOR    = {E. Bueler},
  TITLE     = {{PETSc} for {P}artial {D}ifferential {E}quations: {N}umerical {S}olutions in {C} and {P}ython},
  PUBLISHER = {SIAM Press},
  ADDRESS   = {Philadelphia},
  YEAR      = {2021}
}

@Book{Elmanetal2014,
  AUTHOR    = {H. C. Elman and D. J. Silvester and A. J. Wathen},
  TITLE     = {Finite {E}lements and {F}ast {I}terative {S}olvers: with
               {A}pplications in {I}ncompressible {F}luid {D}ynamics},
  EDITION   = {2nd},
  PUBLISHER = {Oxford University Press},
  ADDRESS   = {Oxford, UK},
  YEAR      = {2014},
}

@Book{Evans2010,
  AUTHOR    = {L. C. Evans},
  TITLE     = {Partial {D}ifferential {E}quations},
  SERIES    = {Graduate Studies in Mathematics},
  PUBLISHER = {American Mathematical Society},
  ADDRESS   = {Providence},
  EDITION   = {2nd},
  YEAR      = {2010},
}

@Book{Greenbaum1997,
  AUTHOR    = {A. Greenbaum},
  TITLE     = {Iterative {M}ethods for {S}olving {L}inear {S}ystems},
  PUBLISHER = {SIAM Press},
  ADDRESS   = {Philadelphia},
  YEAR      = {1997},
}

@Article{JouvetBueler2012,
  author	= {G. Jouvet and E. Bueler},
  title		= {Steady, shallow ice sheets as obstacle problems: well-posedness and finite element approximation},
  journal	= {SIAM J. Appl. Math.},
  volume	= {72},
  number	= {4},
  pages		= {1292--1314},
  year		= {2012},
}

@Book{Ockendonetal2003,
  AUTHOR    = {J. Ockendon and S. Howison and A. Lacey and S. Movchan},
  TITLE     = {Applied {P}artial {D}ifferential {E}quations},
  PUBLISHER = {Oxford University Press},
  ADDRESS   = {Oxford, UK},
  EDITION   = {revised},
  YEAR      = {2003},
}

@Book{Trottenbergetal2001,
  AUTHOR    = {U. Trottenberg and C. W. Oosterlee and A. Schuller},
  TITLE     = {Multigrid},
  PUBLISHER = {Elsevier},
  ADDRESS   = {Oxford, UK},
  YEAR      = {2001},
}

@Article{Xu1992,
  author={Xu, J.},
  title={Iterative methods by space decomposition and subspace correction},
  journal={SIAM Rev.},
  volume={34},
  number={4},
  pages={581--613},
  year={1992},
}
